<record><leader>00000cas a22000007a 4500</leader><controlfield tag="001">10266180</controlfield><controlfield tag="008">840105d18231826msuwr ne      0    0eng  </controlfield><datafield ind1=" " ind2=" " tag="010"><subfield code="a">sn 84020020 </subfield></datafield><datafield ind1=" " ind2=" " tag="040"><subfield code="a">DLC</subfield><subfield code="b">eng</subfield><subfield code="c">DLC</subfield><subfield code="d">MSJ</subfield><subfield code="d">KNP</subfield><subfield code="d">NVF</subfield><subfield code="d">NVK</subfield><subfield code="d">OCL</subfield><subfield code="d">OCLCQ</subfield><subfield code="d">OCLCF</subfield><subfield code="d">OCLCO</subfield><subfield code="d">DLC</subfield></datafield><datafield ind1=" " ind2=" " tag="042"><subfield code="a">msc</subfield></datafield><datafield ind1=" " ind2=" " tag="043"><subfield code="a">n-us-ms</subfield></datafield><datafield ind1="0" ind2="0" tag="050"><subfield code="a">Newspaper 8525-X</subfield></datafield><datafield ind1="0" ind2=" " tag="130"><subfield code="a">Woodville Republican (Woodville, Miss.)</subfield></datafield><datafield ind1="1" ind2="4" tag="245"><subfield code="a">The Woodville Republican.</subfield></datafield><datafield ind1=" " ind2=" " tag="260"><subfield code="a">Woodville, Miss. :</subfield><subfield code="b">William A.A. Chisholm,</subfield><subfield code="c">-1826.</subfield></datafield><datafield ind1=" " ind2=" " tag="300"><subfield code="a">v.</subfield></datafield><datafield ind1=" " ind2=" " tag="310"><subfield code="a">Weekly</subfield></datafield><datafield ind1="1" ind2=" " tag="362"><subfield code="a">Began in 1823.</subfield></datafield><datafield ind1="0" ind2=" " tag="362"><subfield code="a">-v. 3, no. 38 (Sept. 9, 1826).</subfield></datafield><datafield ind1=" " ind2=" " tag="515"><subfield code="a">Issues for &lt;Dec. 11, 1824-Dec. 10, 1825&gt; called also whole no. &lt;53-104&gt;.</subfield></datafield><datafield ind1=" " ind2=" " tag="530"><subfield code="a">Available on microfilm from the University of Kentucky &amp; The Genealogical Society, Salt Lake city, Utah.</subfield></datafield><datafield ind1=" " ind2=" " tag="588"><subfield code="a">Description based on: Vol. 1, no. 2 (Dec. 18, 1823).</subfield></datafield><datafield ind1=" " ind2="0" tag="651"><subfield code="a">Woodville (Miss.)</subfield><subfield code="v">Newspapers.</subfield></datafield><datafield ind1=" " ind2="7" tag="651"><subfield code="a">Mississippi</subfield><subfield code="z">Woodville.</subfield><subfield code="2">fast</subfield><subfield code="0">(OCoLC)fst01256176</subfield></datafield><datafield ind1=" " ind2="7" tag="655"><subfield code="a">Newspapers.</subfield><subfield code="2">fast</subfield><subfield code="0">(OCoLC)fst01423814</subfield></datafield><datafield ind1=" " ind2=" " tag="752"><subfield code="a">United States</subfield><subfield code="b">Mississippi</subfield><subfield code="c">Wilkinson</subfield><subfield code="d">Woodville.</subfield></datafield><datafield ind1="0" ind2="0" tag="785"><subfield code="t">Republican, and Wilkinson weekly advertiser</subfield><subfield code="w">(DLC)sn 87065671</subfield></datafield></record>